% Encoding: UTF-8

@Article{Hannan2017,
  author  = {M.A. Hannan M.S.H. Lipu A. Hussain A. Mohamed},
  journal = {ELSEVIER},
  title   = {A review of lithium-ion battery state of charge estimation and management system in electric vehicle applications: Challenges and recommendations},
  year    = {2017},
}

@Article{Hentunen2014,
  author = {Ari Hentunen, Teemu Lehmuspelto, Jussi Suomela},
  title  = {Time-Domain Parameter Extraction Method for Thevenin-Equivalent Circuit Battery Models},
  year   = {2014},
}

@Article{Li2016,
  author  = {Mingheng Li},
  journal = {ELSEVIER},
  title   = {Li-ion dynamics and state of charge estimation},
  organization = {Department of Chemical and Materials Engineering California State Polytechnic University Pomona CA 91768, United States},
  year    = {2016},
}

@article{Kollmeyer2018,
  author       = {Kollmeyer, Phillip},
  organization = {University of Wisconsin-Madison},
  title        = {Panasonic 18650PF Li-Ion Battery Data},
  url          = {http://dx.doi.org/10.17632/wykht8y7tg.1},
  year         = {2018},
}

@article{18650_datasheet,
  author       = {Panasonic},
  title        = {Lithium Ion NCR18650PF Dathasheet},
  year         = {2018},
}

@Comment{jabref-meta: databaseType:bibtex;}

  %\cite{Li2016}
  %Li-ion dynamics and state of charge estimation
  %Mingheng Li
  %Department of Chemical and Materials Engineering, California State Polytechnic University, Pomona, CA 91768, United States
  %el pdf se llama Li2016.pdf en la carpeta xxxx\bms\docs\Bibliography\Papers\SOC Papers