% Encoding: UTF-8

@Article{Hannan2017,
  author  = {M.A. Hannan, M.S.H. Lipu, A. Hussain, A. Mohamed},
  journal = {ELSEVIER},
  title   = {A review of lithium-ion battery state of charge estimation and management system in electric vehicle applications: Challenges and recommendations},
  year    = {2017},
}

@Article{Hentunen2014,
  author = {Ari Hentunen, Teemu Lehmuspelto, Jussi Suomela},
  title  = {Time-Domain Parameter Extraction Method for Thevenin-Equivalent Circuit Battery Models},
  year   = {2014},
}

@Article{Li2016,
  author  = {Mingheng Li},
  journal = {ELSEVIER},
  title   = {Li-ion dynamics and state of charge estimation},
  year    = {2016},
}

@Electronic{Kollmeyer2018,
  author       = {Kollmeyer, Phillip},
  organization = {University of Wisconsin-Madison},
  title        = {Panasonic 18650PF Li-Ion Battery Data},
  url          = {http://dx.doi.org/10.17632/wykht8y7tg.1},
  year         = {2018},
}

@Comment{jabref-meta: databaseType:bibtex;}
